%YAML 1.1
%TAG !u! tag:unity3d.com,2011:
--- !u!1 &1514397509
GameObject:
  m_ObjectHideFlags: 0
  m_CorrespondingSourceObject: {fileID: 0}
  m_PrefabInstance: {fileID: 0}
  m_PrefabAsset: {fileID: 0}
  serializedVersion: 6
  m_Component:
  - component: {fileID: 1514397510}
  - component: {fileID: 1514397511}
  m_Layer: 10
  m_Name: Weapon Container
  m_TagString: Untagged
  m_Icon: {fileID: 0}
  m_NavMeshLayer: 0
  m_StaticEditorFlags: 0
  m_IsActive: 1
--- !u!4 &1514397510
Transform:
  m_ObjectHideFlags: 0
  m_CorrespondingSourceObject: {fileID: 0}
  m_PrefabInstance: {fileID: 0}
  m_PrefabAsset: {fileID: 0}
  m_GameObject: {fileID: 1514397509}
  m_LocalRotation: {x: 0, y: 0, z: 0, w: 1}
  m_LocalPosition: {x: -0.243, y: 0.038, z: 0.536}
  m_LocalScale: {x: 1, y: 1, z: 1}
  m_Children: []
  m_Father: {fileID: 2398670728764021996}
  m_RootOrder: 3
  m_LocalEulerAnglesHint: {x: 0, y: 0, z: 0}
--- !u!114 &1514397511
MonoBehaviour:
  m_ObjectHideFlags: 0
  m_CorrespondingSourceObject: {fileID: 0}
  m_PrefabInstance: {fileID: 0}
  m_PrefabAsset: {fileID: 0}
  m_GameObject: {fileID: 1514397509}
  m_Enabled: 1
  m_EditorHideFlags: 0
  m_Script: {fileID: 11500000, guid: eb06e84ee05550b4d92f5006618b4890, type: 3}
  m_Name: 
  m_EditorClassIdentifier: 
  target: {fileID: 4459963954760841627}
  speed: 5
--- !u!1 &5331573323114607498
GameObject:
  m_ObjectHideFlags: 0
  m_CorrespondingSourceObject: {fileID: 0}
  m_PrefabInstance: {fileID: 0}
  m_PrefabAsset: {fileID: 0}
  serializedVersion: 6
  m_Component:
  - component: {fileID: 8605845303323168490}
  - component: {fileID: 990534935097838040}
  m_Layer: 10
  m_Name: Audio Source
  m_TagString: Untagged
  m_Icon: {fileID: 0}
  m_NavMeshLayer: 0
  m_StaticEditorFlags: 0
  m_IsActive: 1
--- !u!4 &8605845303323168490
Transform:
  m_ObjectHideFlags: 0
  m_CorrespondingSourceObject: {fileID: 0}
  m_PrefabInstance: {fileID: 0}
  m_PrefabAsset: {fileID: 0}
  m_GameObject: {fileID: 5331573323114607498}
  m_LocalRotation: {x: 0, y: 0, z: 0, w: 1}
  m_LocalPosition: {x: -0, y: -0.978, z: -0}
  m_LocalScale: {x: 1, y: 1, z: 1}
  m_Children: []
  m_Father: {fileID: 4187832500642601757}
  m_RootOrder: 3
  m_LocalEulerAnglesHint: {x: 0, y: 0, z: 0}
--- !u!82 &990534935097838040
AudioSource:
  m_ObjectHideFlags: 0
  m_CorrespondingSourceObject: {fileID: 0}
  m_PrefabInstance: {fileID: 0}
  m_PrefabAsset: {fileID: 0}
  m_GameObject: {fileID: 5331573323114607498}
  m_Enabled: 1
  serializedVersion: 4
  OutputAudioMixerGroup: {fileID: 4786483939239286049, guid: 3b32db4d456f0fc4e85b29fedd631091,
    type: 2}
  m_audioClip: {fileID: 0}
  m_PlayOnAwake: 0
  m_Volume: 1
  m_Pitch: 1
  Loop: 0
  Mute: 0
  Spatialize: 0
  SpatializePostEffects: 0
  Priority: 128
  DopplerLevel: 1
  MinDistance: 1
  MaxDistance: 15
  Pan2D: 0
  rolloffMode: 2
  BypassEffects: 0
  BypassListenerEffects: 0
  BypassReverbZones: 0
  rolloffCustomCurve:
    serializedVersion: 2
    m_Curve:
    - serializedVersion: 3
      time: 0.06666667
      value: 1
      inSlope: -2.3129058
      outSlope: -2.3129058
      tangentMode: 0
      weightedMode: 0
      inWeight: 0
      outWeight: 0.09111013
    - serializedVersion: 3
      time: 1
      value: 0.0073252395
      inSlope: -0.20189649
      outSlope: -0.20189649
      tangentMode: 0
      weightedMode: 0
      inWeight: 0.17912431
      outWeight: 0
    m_PreInfinity: 2
    m_PostInfinity: 2
    m_RotationOrder: 4
  panLevelCustomCurve:
    serializedVersion: 2
    m_Curve:
    - serializedVersion: 3
      time: 0
      value: 1
      inSlope: 0
      outSlope: 0
      tangentMode: 0
      weightedMode: 0
      inWeight: 0.33333334
      outWeight: 0.33333334
    m_PreInfinity: 2
    m_PostInfinity: 2
    m_RotationOrder: 4
  spreadCustomCurve:
    serializedVersion: 2
    m_Curve:
    - serializedVersion: 3
      time: 0
      value: 0
      inSlope: 0
      outSlope: 0
      tangentMode: 0
      weightedMode: 0
      inWeight: 0.33333334
      outWeight: 0.33333334
    m_PreInfinity: 2
    m_PostInfinity: 2
    m_RotationOrder: 4
  reverbZoneMixCustomCurve:
    serializedVersion: 2
    m_Curve:
    - serializedVersion: 3
      time: 0
      value: 1
      inSlope: 0
      outSlope: 0
      tangentMode: 0
      weightedMode: 0
      inWeight: 0.33333334
      outWeight: 0.33333334
    m_PreInfinity: 2
    m_PostInfinity: 2
    m_RotationOrder: 4
--- !u!54 &1645797221
Rigidbody:
  m_ObjectHideFlags: 0
  m_CorrespondingSourceObject: {fileID: 0}
  m_PrefabInstance: {fileID: 0}
  m_PrefabAsset: {fileID: 0}
  m_GameObject: {fileID: 846571514739690376}
  serializedVersion: 2
  m_Mass: 80
  m_Drag: 0
  m_AngularDrag: 0.05
  m_UseGravity: 1
  m_IsKinematic: 1
  m_Interpolate: 0
  m_Constraints: 112
  m_CollisionDetection: 0
--- !u!136 &1645797220
CapsuleCollider:
  m_ObjectHideFlags: 0
  m_CorrespondingSourceObject: {fileID: 0}
  m_PrefabInstance: {fileID: 0}
  m_PrefabAsset: {fileID: 0}
  m_GameObject: {fileID: 846571514739690376}
  m_Material: {fileID: 0}
  m_IsTrigger: 0
  m_Enabled: 1
  m_Radius: 0.3
  m_Height: 1.8
  m_Direction: 1
  m_Center: {x: 0, y: 0.9, z: 0}
--- !u!114 &1645797219
MonoBehaviour:
  m_ObjectHideFlags: 0
  m_CorrespondingSourceObject: {fileID: 0}
  m_PrefabInstance: {fileID: 0}
  m_PrefabAsset: {fileID: 0}
  m_GameObject: {fileID: 846571514739690376}
  m_Enabled: 1
  m_EditorHideFlags: 0
  m_Script: {fileID: 11500000, guid: a81dc4a3110fb3f4d99eecb4b84fe170, type: 3}
  m_Name: 
  m_EditorClassIdentifier: 
  equippedWeapon: {fileID: 0}
  attachmentPoint: {fileID: 1514397510}
  enemyHealthBarContainer: {fileID: 0}
  speed: 4
  defaultWeapons:
  - {fileID: 472192370620069809, guid: 869622e2b59159c489a3700d5d8fcb05, type: 3}
  - {fileID: 5308234211483954857, guid: 786e31012855be841ba2d2f3cbdf4d89, type: 3}
  itemDrops:
  - value: {fileID: 5360754440540703493, guid: abd5321c4a670bc4487017409c7d2b4f, type: 3}
    chance: 0.25
  - value: {fileID: 7541357073009588559, guid: 0e0a05e12c5b90c4dabe0ae624ac9f9d, type: 3}
    chance: 0.75
  itemDropChance: 0.462
  itemDropOffset: {x: 0, y: 1, z: 0}
--- !u!195 &1645797222
NavMeshAgent:
  m_ObjectHideFlags: 0
  m_CorrespondingSourceObject: {fileID: 0}
  m_PrefabInstance: {fileID: 0}
  m_PrefabAsset: {fileID: 0}
  m_GameObject: {fileID: 846571514739690376}
  m_Enabled: 1
  m_AgentTypeID: 0
  m_Radius: 0.3
  m_Speed: 3.5
  m_Acceleration: 8
  avoidancePriority: 50
  m_AngularSpeed: 120
  m_StoppingDistance: 3
  m_AutoTraverseOffMeshLink: 1
  m_AutoBraking: 1
  m_AutoRepath: 1
  m_Height: 1.8
  m_BaseOffset: 0
  m_WalkableMask: 4294967295
  m_ObstacleAvoidanceType: 4
--- !u!114 &1645797225
MonoBehaviour:
  m_ObjectHideFlags: 0
  m_CorrespondingSourceObject: {fileID: 0}
  m_PrefabInstance: {fileID: 0}
  m_PrefabAsset: {fileID: 0}
  m_GameObject: {fileID: 846571514739690376}
  m_Enabled: 1
  m_EditorHideFlags: 0
  m_Script: {fileID: 11500000, guid: 722c53a11c3242f488f07ad4554c1556, type: 3}
  m_Name: 
  m_EditorClassIdentifier: 
  initialHealth: 100
  maxHealth: 100
  onHeal:
    m_PersistentCalls:
      m_Calls: []
    m_TypeName: UnityEngine.Events.UnityEvent, UnityEngine.CoreModule, Version=0.0.0.0,
      Culture=neutral, PublicKeyToken=null
  onDamage:
    m_PersistentCalls:
      m_Calls: []
    m_TypeName: UnityEngine.Events.UnityEvent, UnityEngine.CoreModule, Version=0.0.0.0,
      Culture=neutral, PublicKeyToken=null
  onDie:
    m_PersistentCalls:
      m_Calls:
      - m_Target: {fileID: 1645797219}
        m_MethodName: DropItem
        m_Mode: 1
        m_Arguments:
          m_ObjectArgument: {fileID: 0}
          m_ObjectArgumentAssemblyTypeName: UnityEngine.Object, UnityEngine
          m_IntArgument: 0
          m_FloatArgument: 0
          m_StringArgument: 
          m_BoolArgument: 0
        m_CallState: 2
      - m_Target: {fileID: 846571514739690376}
        m_MethodName: SetActive
        m_Mode: 6
        m_Arguments:
          m_ObjectArgument: {fileID: 0}
          m_ObjectArgumentAssemblyTypeName: UnityEngine.Object, UnityEngine
          m_IntArgument: 0
          m_FloatArgument: 0
          m_StringArgument: 
          m_BoolArgument: 0
        m_CallState: 2
    m_TypeName: UnityEngine.Events.UnityEvent, UnityEngine.CoreModule, Version=0.0.0.0,
      Culture=neutral, PublicKeyToken=null
--- !u!114 &4131479556851970850
MonoBehaviour:
  m_ObjectHideFlags: 0
  m_CorrespondingSourceObject: {fileID: 0}
  m_PrefabInstance: {fileID: 0}
  m_PrefabAsset: {fileID: 0}
  m_GameObject: {fileID: 846571514739690376}
  m_Enabled: 1
  m_EditorHideFlags: 0
  m_Script: {fileID: 11500000, guid: e34c32f65909b38458c826c25c574220, type: 3}
  m_Name: 
  m_EditorClassIdentifier: 
  audioSource: {fileID: 990534935097838040}
  footstepClip: {fileID: 8300000, guid: dacc3454bd889124a814ba63bd9e16c9, type: 3}
--- !u!1001 &8691469374496264833
PrefabInstance:
  m_ObjectHideFlags: 0
  serializedVersion: 2
  m_Modification:
    m_TransformParent: {fileID: 0}
    m_Modifications:
    - target: {fileID: -927199367670048503, guid: a96b2c59ae054d84986e4094ac96c93d,
        type: 3}
      propertyPath: m_Name
      value: Enemy Variant
      objectReference: {fileID: 0}
    - target: {fileID: -927199367670048503, guid: a96b2c59ae054d84986e4094ac96c93d,
        type: 3}
      propertyPath: m_Layer
      value: 10
      objectReference: {fileID: 0}
    - target: {fileID: -3610690223051750416, guid: a96b2c59ae054d84986e4094ac96c93d,
        type: 3}
      propertyPath: m_Layer
      value: 10
      objectReference: {fileID: 0}
    - target: {fileID: -7943378556525867576, guid: a96b2c59ae054d84986e4094ac96c93d,
        type: 3}
      propertyPath: m_Layer
      value: 10
      objectReference: {fileID: 0}
    - target: {fileID: -4216859302048453862, guid: a96b2c59ae054d84986e4094ac96c93d,
        type: 3}
      propertyPath: m_LocalPosition.x
      value: 8.601161
      objectReference: {fileID: 0}
    - target: {fileID: -4216859302048453862, guid: a96b2c59ae054d84986e4094ac96c93d,
        type: 3}
      propertyPath: m_LocalPosition.y
      value: -1.443973e-17
      objectReference: {fileID: 0}
    - target: {fileID: -4216859302048453862, guid: a96b2c59ae054d84986e4094ac96c93d,
        type: 3}
      propertyPath: m_LocalPosition.z
      value: 3.251538
      objectReference: {fileID: 0}
    - target: {fileID: -4216859302048453862, guid: a96b2c59ae054d84986e4094ac96c93d,
        type: 3}
      propertyPath: m_LocalRotation.x
      value: 0
      objectReference: {fileID: 0}
    - target: {fileID: -4216859302048453862, guid: a96b2c59ae054d84986e4094ac96c93d,
        type: 3}
      propertyPath: m_LocalRotation.y
      value: 0
      objectReference: {fileID: 0}
    - target: {fileID: -4216859302048453862, guid: a96b2c59ae054d84986e4094ac96c93d,
        type: 3}
      propertyPath: m_LocalRotation.z
      value: 0
      objectReference: {fileID: 0}
    - target: {fileID: -4216859302048453862, guid: a96b2c59ae054d84986e4094ac96c93d,
        type: 3}
      propertyPath: m_LocalRotation.w
      value: 1
      objectReference: {fileID: 0}
    - target: {fileID: -4216859302048453862, guid: a96b2c59ae054d84986e4094ac96c93d,
        type: 3}
      propertyPath: m_RootOrder
      value: 0
      objectReference: {fileID: 0}
    - target: {fileID: -4216859302048453862, guid: a96b2c59ae054d84986e4094ac96c93d,
        type: 3}
      propertyPath: m_LocalEulerAnglesHint.x
      value: 0
      objectReference: {fileID: 0}
    - target: {fileID: -4216859302048453862, guid: a96b2c59ae054d84986e4094ac96c93d,
        type: 3}
      propertyPath: m_LocalEulerAnglesHint.y
      value: 0
      objectReference: {fileID: 0}
    - target: {fileID: -4216859302048453862, guid: a96b2c59ae054d84986e4094ac96c93d,
        type: 3}
      propertyPath: m_LocalEulerAnglesHint.z
      value: 0
      objectReference: {fileID: 0}
    - target: {fileID: -6057140222963153312, guid: a96b2c59ae054d84986e4094ac96c93d,
        type: 3}
      propertyPath: m_Controller
      value: 
      objectReference: {fileID: 9100000, guid: 81c712ab599ccbb4bb7d6fce8f2e4c48, type: 2}
    - target: {fileID: -4607699284664234186, guid: a96b2c59ae054d84986e4094ac96c93d,
        type: 3}
      propertyPath: m_Layer
      value: 10
      objectReference: {fileID: 0}
    - target: {fileID: 6881932852953648046, guid: a96b2c59ae054d84986e4094ac96c93d,
        type: 3}
      propertyPath: m_Layer
      value: 10
      objectReference: {fileID: 0}
    - target: {fileID: 3782432903653303537, guid: a96b2c59ae054d84986e4094ac96c93d,
        type: 3}
      propertyPath: m_Layer
      value: 10
      objectReference: {fileID: 0}
    - target: {fileID: 2440268447527424636, guid: a96b2c59ae054d84986e4094ac96c93d,
        type: 3}
      propertyPath: m_Layer
      value: 10
      objectReference: {fileID: 0}
    - target: {fileID: 1881797528090517389, guid: a96b2c59ae054d84986e4094ac96c93d,
        type: 3}
      propertyPath: m_Layer
      value: 10
      objectReference: {fileID: 0}
    - target: {fileID: -2445193559103534071, guid: a96b2c59ae054d84986e4094ac96c93d,
        type: 3}
      propertyPath: m_Layer
      value: 10
      objectReference: {fileID: 0}
    - target: {fileID: 6167904293427101411, guid: a96b2c59ae054d84986e4094ac96c93d,
        type: 3}
      propertyPath: m_Layer
      value: 10
      objectReference: {fileID: 0}
    - target: {fileID: 4436829760782469501, guid: a96b2c59ae054d84986e4094ac96c93d,
        type: 3}
      propertyPath: m_Layer
      value: 10
      objectReference: {fileID: 0}
    - target: {fileID: 3772551937752447412, guid: a96b2c59ae054d84986e4094ac96c93d,
        type: 3}
      propertyPath: m_Layer
      value: 10
      objectReference: {fileID: 0}
    - target: {fileID: 2329505420794184642, guid: a96b2c59ae054d84986e4094ac96c93d,
        type: 3}
      propertyPath: m_Layer
      value: 10
      objectReference: {fileID: 0}
    - target: {fileID: 2681956757778336384, guid: a96b2c59ae054d84986e4094ac96c93d,
        type: 3}
      propertyPath: m_Layer
      value: 10
      objectReference: {fileID: 0}
    - target: {fileID: 8742008233500340892, guid: a96b2c59ae054d84986e4094ac96c93d,
        type: 3}
      propertyPath: m_Layer
      value: 10
      objectReference: {fileID: 0}
    - target: {fileID: -819139046232449951, guid: a96b2c59ae054d84986e4094ac96c93d,
        type: 3}
      propertyPath: m_Layer
      value: 10
      objectReference: {fileID: 0}
    - target: {fileID: 7957238264371128456, guid: a96b2c59ae054d84986e4094ac96c93d,
        type: 3}
      propertyPath: m_Layer
      value: 10
      objectReference: {fileID: 0}
    - target: {fileID: -4964426168678133720, guid: a96b2c59ae054d84986e4094ac96c93d,
        type: 3}
      propertyPath: m_Layer
      value: 10
      objectReference: {fileID: 0}
    - target: {fileID: -6507621502745489020, guid: a96b2c59ae054d84986e4094ac96c93d,
        type: 3}
      propertyPath: m_Layer
      value: 10
      objectReference: {fileID: 0}
    - target: {fileID: 8219362072142390352, guid: a96b2c59ae054d84986e4094ac96c93d,
        type: 3}
      propertyPath: m_Layer
      value: 10
      objectReference: {fileID: 0}
    - target: {fileID: 7007650227998529439, guid: a96b2c59ae054d84986e4094ac96c93d,
        type: 3}
      propertyPath: m_Layer
      value: 10
      objectReference: {fileID: 0}
    - target: {fileID: -8542655298583481684, guid: a96b2c59ae054d84986e4094ac96c93d,
        type: 3}
      propertyPath: m_Layer
      value: 10
      objectReference: {fileID: 0}
    - target: {fileID: -9217817218132447574, guid: a96b2c59ae054d84986e4094ac96c93d,
        type: 3}
      propertyPath: m_Layer
      value: 10
      objectReference: {fileID: 0}
    - target: {fileID: 7475259027989177923, guid: a96b2c59ae054d84986e4094ac96c93d,
        type: 3}
      propertyPath: m_Layer
      value: 10
      objectReference: {fileID: 0}
    - target: {fileID: 6621138139311443479, guid: a96b2c59ae054d84986e4094ac96c93d,
        type: 3}
      propertyPath: m_Layer
      value: 10
      objectReference: {fileID: 0}
    - target: {fileID: -2520816418532539725, guid: a96b2c59ae054d84986e4094ac96c93d,
        type: 3}
      propertyPath: m_Layer
      value: 10
      objectReference: {fileID: 0}
    - target: {fileID: -3919916619192582342, guid: a96b2c59ae054d84986e4094ac96c93d,
        type: 3}
      propertyPath: m_Layer
      value: 10
      objectReference: {fileID: 0}
    - target: {fileID: 4660896697276302207, guid: a96b2c59ae054d84986e4094ac96c93d,
        type: 3}
      propertyPath: m_Layer
      value: 10
      objectReference: {fileID: 0}
    - target: {fileID: -5170319882346699478, guid: a96b2c59ae054d84986e4094ac96c93d,
        type: 3}
      propertyPath: m_Layer
      value: 10
      objectReference: {fileID: 0}
    - target: {fileID: -4873144124511306651, guid: a96b2c59ae054d84986e4094ac96c93d,
        type: 3}
      propertyPath: m_Layer
      value: 10
      objectReference: {fileID: 0}
    - target: {fileID: 4455048347907388339, guid: a96b2c59ae054d84986e4094ac96c93d,
        type: 3}
      propertyPath: m_Layer
      value: 10
      objectReference: {fileID: 0}
    - target: {fileID: 2924850608313876297, guid: a96b2c59ae054d84986e4094ac96c93d,
        type: 3}
      propertyPath: m_Layer
      value: 10
      objectReference: {fileID: 0}
    - target: {fileID: 2645891699544597379, guid: a96b2c59ae054d84986e4094ac96c93d,
        type: 3}
      propertyPath: m_Layer
      value: 10
      objectReference: {fileID: 0}
    - target: {fileID: -7359990308800947477, guid: a96b2c59ae054d84986e4094ac96c93d,
        type: 3}
      propertyPath: m_Layer
      value: 10
      objectReference: {fileID: 0}
    - target: {fileID: 2304327214476572559, guid: a96b2c59ae054d84986e4094ac96c93d,
        type: 3}
      propertyPath: m_Layer
      value: 10
      objectReference: {fileID: 0}
    - target: {fileID: 8720526279339648621, guid: a96b2c59ae054d84986e4094ac96c93d,
        type: 3}
      propertyPath: m_Layer
      value: 10
      objectReference: {fileID: 0}
    - target: {fileID: 7823754460785210617, guid: a96b2c59ae054d84986e4094ac96c93d,
        type: 3}
      propertyPath: m_Layer
      value: 10
      objectReference: {fileID: 0}
    - target: {fileID: 4077215548139417464, guid: a96b2c59ae054d84986e4094ac96c93d,
        type: 3}
      propertyPath: m_Layer
      value: 10
      objectReference: {fileID: 0}
    - target: {fileID: -6008434836159022525, guid: a96b2c59ae054d84986e4094ac96c93d,
        type: 3}
      propertyPath: m_Layer
      value: 10
      objectReference: {fileID: 0}
    - target: {fileID: 3181258581385048476, guid: a96b2c59ae054d84986e4094ac96c93d,
        type: 3}
      propertyPath: m_Layer
      value: 10
      objectReference: {fileID: 0}
    - target: {fileID: 2513286471003738468, guid: a96b2c59ae054d84986e4094ac96c93d,
        type: 3}
      propertyPath: m_Layer
      value: 10
      objectReference: {fileID: 0}
    - target: {fileID: -6580825245619992734, guid: a96b2c59ae054d84986e4094ac96c93d,
        type: 3}
      propertyPath: m_Layer
      value: 10
      objectReference: {fileID: 0}
    - target: {fileID: -7092056684981714454, guid: a96b2c59ae054d84986e4094ac96c93d,
        type: 3}
      propertyPath: m_Layer
      value: 10
      objectReference: {fileID: 0}
    - target: {fileID: 1513123634317471949, guid: a96b2c59ae054d84986e4094ac96c93d,
        type: 3}
      propertyPath: m_Layer
      value: 10
      objectReference: {fileID: 0}
    - target: {fileID: 795891356476622713, guid: a96b2c59ae054d84986e4094ac96c93d,
        type: 3}
      propertyPath: m_Layer
      value: 10
      objectReference: {fileID: 0}
    - target: {fileID: -9062476720484858585, guid: a96b2c59ae054d84986e4094ac96c93d,
        type: 3}
      propertyPath: m_Layer
      value: 10
      objectReference: {fileID: 0}
    - target: {fileID: 475786592587937713, guid: a96b2c59ae054d84986e4094ac96c93d,
        type: 3}
      propertyPath: m_Layer
      value: 10
      objectReference: {fileID: 0}
    - target: {fileID: -1118290226545362544, guid: a96b2c59ae054d84986e4094ac96c93d,
        type: 3}
      propertyPath: m_Layer
      value: 10
      objectReference: {fileID: 0}
    - target: {fileID: 8293479669820714348, guid: a96b2c59ae054d84986e4094ac96c93d,
        type: 3}
      propertyPath: m_Layer
      value: 10
      objectReference: {fileID: 0}
    - target: {fileID: 8389181125933912402, guid: a96b2c59ae054d84986e4094ac96c93d,
        type: 3}
      propertyPath: m_Layer
      value: 10
      objectReference: {fileID: 0}
    - target: {fileID: 7051601365862900415, guid: a96b2c59ae054d84986e4094ac96c93d,
        type: 3}
      propertyPath: m_Layer
      value: 10
      objectReference: {fileID: 0}
    - target: {fileID: 6776091545344089510, guid: a96b2c59ae054d84986e4094ac96c93d,
        type: 3}
      propertyPath: m_Layer
      value: 10
      objectReference: {fileID: 0}
    - target: {fileID: -3497994349948441366, guid: a96b2c59ae054d84986e4094ac96c93d,
        type: 3}
      propertyPath: m_Layer
      value: 10
      objectReference: {fileID: 0}
    - target: {fileID: -4500163068696852293, guid: a96b2c59ae054d84986e4094ac96c93d,
        type: 3}
      propertyPath: m_Layer
      value: 10
      objectReference: {fileID: 0}
    - target: {fileID: -5576079203852328785, guid: a96b2c59ae054d84986e4094ac96c93d,
        type: 3}
      propertyPath: m_Layer
      value: 10
      objectReference: {fileID: 0}
    - target: {fileID: -6715580246839238597, guid: a96b2c59ae054d84986e4094ac96c93d,
        type: 3}
      propertyPath: m_Layer
      value: 10
      objectReference: {fileID: 0}
    - target: {fileID: 2797045442853121195, guid: a96b2c59ae054d84986e4094ac96c93d,
        type: 3}
      propertyPath: m_Layer
      value: 10
      objectReference: {fileID: 0}
    - target: {fileID: 5805460285772568982, guid: a96b2c59ae054d84986e4094ac96c93d,
        type: 3}
      propertyPath: m_Layer
      value: 10
      objectReference: {fileID: 0}
    - target: {fileID: -3329448924069782897, guid: a96b2c59ae054d84986e4094ac96c93d,
        type: 3}
      propertyPath: m_Layer
      value: 10
      objectReference: {fileID: 0}
    - target: {fileID: -3828584962494784366, guid: a96b2c59ae054d84986e4094ac96c93d,
        type: 3}
      propertyPath: m_Layer
      value: 10
      objectReference: {fileID: 0}
    - target: {fileID: -4672879678457480913, guid: a96b2c59ae054d84986e4094ac96c93d,
        type: 3}
      propertyPath: m_Layer
      value: 10
      objectReference: {fileID: 0}
    - target: {fileID: 3156069606569102113, guid: a96b2c59ae054d84986e4094ac96c93d,
        type: 3}
      propertyPath: m_Layer
      value: 10
      objectReference: {fileID: 0}
    - target: {fileID: -6091057318612165397, guid: a96b2c59ae054d84986e4094ac96c93d,
        type: 3}
      propertyPath: m_Layer
      value: 10
      objectReference: {fileID: 0}
    - target: {fileID: 1393244899101934857, guid: a96b2c59ae054d84986e4094ac96c93d,
        type: 3}
      propertyPath: m_Layer
      value: 10
      objectReference: {fileID: 0}
    - target: {fileID: 646692406149495502, guid: a96b2c59ae054d84986e4094ac96c93d,
        type: 3}
      propertyPath: m_Layer
      value: 10
      objectReference: {fileID: 0}
    - target: {fileID: -9137515893360014211, guid: a96b2c59ae054d84986e4094ac96c93d,
        type: 3}
      propertyPath: m_Layer
      value: 10
      objectReference: {fileID: 0}
    - target: {fileID: -8873061174282264678, guid: a96b2c59ae054d84986e4094ac96c93d,
        type: 3}
      propertyPath: m_Layer
      value: 10
      objectReference: {fileID: 0}
    m_RemovedComponents: []
  m_SourcePrefab: {fileID: 100100000, guid: a96b2c59ae054d84986e4094ac96c93d, type: 3}
--- !u!1 &846571514739690376 stripped
GameObject:
  m_CorrespondingSourceObject: {fileID: -927199367670048503, guid: a96b2c59ae054d84986e4094ac96c93d,
    type: 3}
  m_PrefabInstance: {fileID: 8691469374496264833}
  m_PrefabAsset: {fileID: 0}
--- !u!4 &4459963954760841627 stripped
Transform:
  m_CorrespondingSourceObject: {fileID: -4216859302048453862, guid: a96b2c59ae054d84986e4094ac96c93d,
    type: 3}
  m_PrefabInstance: {fileID: 8691469374496264833}
  m_PrefabAsset: {fileID: 0}
--- !u!4 &4187832500642601757 stripped
Transform:
  m_CorrespondingSourceObject: {fileID: -4431429744085825124, guid: a96b2c59ae054d84986e4094ac96c93d,
    type: 3}
  m_PrefabInstance: {fileID: 8691469374496264833}
  m_PrefabAsset: {fileID: 0}
--- !u!4 &2398670728764021996 stripped
Transform:
  m_CorrespondingSourceObject: {fileID: 6473791464006618733, guid: a96b2c59ae054d84986e4094ac96c93d,
    type: 3}
  m_PrefabInstance: {fileID: 8691469374496264833}
  m_PrefabAsset: {fileID: 0}
